<record><leader>00000cas a22000007a 4500</leader><controlfield tag="001">28173687</controlfield><controlfield tag="008">930527d19021923scuwr ne      0    0eng d</controlfield><datafield ind1=" " ind2=" " tag="010"><subfield code="a">sn 93067762 </subfield></datafield><datafield ind1=" " ind2=" " tag="040"><subfield code="a">SVN</subfield><subfield code="b">eng</subfield><subfield code="c">SVN</subfield><subfield code="d">OCLCQ</subfield></datafield><datafield ind1=" " ind2=" " tag="042"><subfield code="a">msc</subfield></datafield><datafield ind1="0" ind2="4" tag="245"><subfield code="a">The leader and vindicator.</subfield></datafield><datafield ind1=" " ind2=" " tag="260"><subfield code="a">Bishopville, S.C. :</subfield><subfield code="b">H.S. Cunningham</subfield></datafield><datafield ind1=" " ind2=" " tag="300"><subfield code="a">v.</subfield></datafield><datafield ind1=" " ind2=" " tag="310"><subfield code="a">Weekly</subfield></datafield><datafield ind1="0" ind2=" " tag="362"><subfield code="a">Vol. 1, no. 25 (Aug. 27, 1902) - v. 21, no. 6 (Feb. 8, 1923).</subfield></datafield><datafield ind1=" " ind2="4" tag="651"><subfield code="a">Lee County (S.C.)</subfield><subfield code="v">Newspapers.</subfield></datafield><datafield ind1=" " ind2=" " tag="752"><subfield code="a">United States</subfield><subfield code="b">South Carolina</subfield><subfield code="c">Lee</subfield><subfield code="d">Bishopville.</subfield></datafield><datafield ind1="0" ind2="4" tag="780"><subfield code="t">Bishopville leader</subfield></datafield><datafield ind1="0" ind2="4" tag="780"><subfield code="t">Lee County vindicator</subfield><subfield code="w">(DLC)sn 93067779</subfield></datafield><datafield ind1="0" ind2="0" tag="785"><subfield code="t">Lee County messenger</subfield><subfield code="w">(DLC)sn 86063786</subfield></datafield><datafield ind1="1" ind2=" " tag="029"><subfield code="a">AU@</subfield><subfield code="b">000025890290</subfield></datafield></record>